
@unpublished{nguyenNeuralNetworksAutomated,
  title = {Neural {{Networks}} for {{Automated Essay Grading}}},
  author = {Nguyen, Huyen and Dery, Lucio},
  abstract = {The biggest obstacle to choosing constructed-response assessments over traditional multiple-choice assessments is the large cost and effort required for scoring. This project is an attempt to use different neural network architectures to build an accurate automated essay grading system to solve this problem.},
  file = {/home/oscar/Notes/school/cs/NN_For_Automated_Essay_Grading.pdf},
  langid = {english}
}

@unpublished{zotero-1,
  type = {unpublished}
}


